<?xml version="1.0" encoding="UTF-8"?>
<record xmlns="http://www.loc.gov/MARC21/slim" xmlns:xsi="http://www.w3.org/2001/XMLSchema-instance" xsi:schemaLocation="http://www.loc.gov/MARC21/slim http://www.loc.gov/standards/marcxml/schema/MARC21slim.xsd">
<leader>00000cam a22      a 4500</leader>
<controlfield tag="001">001679921</controlfield>
<controlfield tag="003">NNU</controlfield>
<controlfield tag="005">20141121162907.0</controlfield>
<controlfield tag="008">950927m19541960sy            000 0 ara d</controlfield>
<datafield tag="035" ind1=" " ind2=" ">
<subfield code="a">(OCoLC)476980012</subfield>
</datafield>
<datafield tag="040" ind1=" " ind2=" ">
<subfield code="a">NjP</subfield>
<subfield code="c">N15</subfield>
<subfield code="d">OCLCF</subfield>
<subfield code="d">OCLCO</subfield>
<subfield code="d">NNU</subfield>
</datafield>
<datafield tag="100" ind1="1" ind2=" ">
<subfield code="a">Arsūzī, Zakī,</subfield>
<subfield code="d">1900-1968</subfield>
<subfield code="6">880-01</subfield>
</datafield>
<datafield tag="245" ind1="1" ind2="0">
<subfield code="6">880-02</subfield>
<subfield code="a">Baʻth al-ummah al-ʻArabīyah wa-risālatihā ilá al-ʻālam /</subfield>
<subfield code="c">Zakī al-Arsūzī.</subfield>
</datafield>
<datafield tag="260" ind1=" " ind2=" ">
<subfield code="6">880-03</subfield>
<subfield code="a">Sūrīyah :</subfield>
<subfield code="b">Dār al-Yaqẓah al-ʻArabīyah lil-Taʼlīf wa-al-Tarjamah wa-al-Nashr,</subfield>
<subfield code="c">[1954-196-?]</subfield>
</datafield>
<datafield tag="300" ind1=" " ind2=" ">
<subfield code="a">4 v. in 1 ;</subfield>
<subfield code="c">17 cm.</subfield>
</datafield>
<datafield tag="505" ind1="0" ind2=" ">
<subfield code="6">880-04</subfield>
<subfield code="a">v. 1. Risālatā al-madanīyah wa-al-thaqāfah -- v. 2. Risālatā al-madanīyah wa-al-thaqāfah -- v. 3. Risālatā al-falsafah wa-al-akhlāq -- v. 4. al-Dawlah wa-al-ummah.</subfield>
</datafield>
<datafield tag="650" ind1=" " ind2="0">
<subfield code="a">Civilization, Arab.</subfield>
</datafield>
<datafield tag="650" ind1=" " ind2="0">
<subfield code="a">Arabism.</subfield>
</datafield>
<datafield tag="650" ind1=" " ind2="7">
<subfield code="a">Arabism.</subfield>
<subfield code="2">fast</subfield>
<subfield code="0">(OCoLC)fst00812571</subfield>
</datafield>
<datafield tag="650" ind1=" " ind2="7">
<subfield code="a">Civilization, Arab.</subfield>
<subfield code="2">fast</subfield>
<subfield code="0">(OCoLC)fst00862967</subfield>
</datafield>
<datafield tag="880" ind1="1" ind2=" ">
<subfield code="6">100-01/</subfield>
<subfield code="a">ارسوزي، زكي،</subfield>
<subfield code="d">1900-1968.</subfield>
</datafield>
<datafield tag="880" ind1="1" ind2="0">
<subfield code="6">245-02/</subfield>
<subfield code="a">بعث الامة العربية ورسالتها الى العالم /</subfield>
<subfield code="c">زكي الارسوزي.</subfield>
</datafield>
<datafield tag="880" ind1=" " ind2=" ">
<subfield code="6">260-03/</subfield>
<subfield code="a">سورية :</subfield>
<subfield code="b">دار اليقظة العربية للتأليف والترجمة والنشر،</subfield>
<subfield code="c">[1954-196-?]</subfield>
</datafield>
<datafield tag="880" ind1="0" ind2=" ">
<subfield code="6">505-04/</subfield>
<subfield code="a">ڤ. 1. رسالتا المدنية والثقافة ڤ. 2. رسالتا المدنية والثقافة ڤ. 3. رسالتا الفلسفة والاخلاق ڤ. 4. الدولة والامة.</subfield>
</datafield>
<datafield tag="OWN" ind1=" " ind2=" ">
<subfield code="a">GENERAL</subfield>
</datafield>
<datafield tag="AVA" ind1=" " ind2=" ">
<subfield code="a">NYU50</subfield>
<subfield code="b">BOBST</subfield>
<subfield code="c">Main Collection</subfield>
<subfield code="d">PJ6709 .A75</subfield>
<subfield code="e">unavailable</subfield>
<subfield code="t">Unavailable</subfield>
<subfield code="f">1</subfield>
<subfield code="g">1</subfield>
<subfield code="h">N</subfield>
<subfield code="i">0</subfield>
<subfield code="j">MAIN</subfield>
<subfield code="k">0</subfield>
</datafield>
</record>
